@Article{El03,
author = {Loughran, Ellen},
title = {Tentative {B}eginnings: {M}ontaigne {R}ewrites {H}is {E}arly {E}ssays},
journaltitle = {Neophilologus},
date = {2003},
volume = {87},
number = {3},
pages = {371383}
}

@Book{lcfr,
author = {Mittelbach, Frank and Goossens, Michel},
title = {\LaTeX{} {C}ompanion},
publisher = {Pearson Education France},
date = {200602},
location = {Paris},
pagetotal = {1116},
edition = {2}
}