@phdthesis{TAG,
        author = {Langevin, Philippe},
        title = {Théorie et Algorithmique des Graphes, Licence Informatique},
        publisher = {Université de Toulon},
        year = {2022}
}